<record><leader>00000cas a22000007a 4500</leader><controlfield tag="001">10579072</controlfield><controlfield tag="008">840330d188u19uuncuwr ne      0   a0eng d</controlfield><datafield ind1=" " ind2=" " tag="010"><subfield code="a">sn 84007756 </subfield></datafield><datafield ind1=" " ind2=" " tag="040"><subfield code="a">NSD</subfield><subfield code="b">eng</subfield><subfield code="c">NSD</subfield><subfield code="d">NVJ</subfield><subfield code="d">NSD</subfield><subfield code="d">NVJ</subfield><subfield code="d">NSD</subfield><subfield code="d">OCLCQ</subfield></datafield><datafield ind1=" " ind2=" " tag="012"><subfield code="j">0</subfield><subfield code="m">1</subfield></datafield><datafield ind1="1" ind2=" " tag="022"><subfield code="a">0747-1491</subfield><subfield code="l">0747-1491</subfield><subfield code="2">1</subfield></datafield><datafield ind1="1" ind2=" " tag="029"><subfield code="a">AU@</subfield><subfield code="b">000027542787</subfield></datafield><datafield ind1="1" ind2=" " tag="029"><subfield code="a">NZ1</subfield><subfield code="b">16074904</subfield></datafield><datafield ind1=" " ind2=" " tag="032"><subfield code="a">243580</subfield><subfield code="b">USPS</subfield></datafield><datafield ind1=" " ind2=" " tag="037"><subfield code="b">High Point Enterprise, 210 Church Ave., High Point, NC 27261</subfield></datafield><datafield ind1=" " ind2=" " tag="042"><subfield code="a">nsdp</subfield><subfield code="a">msc</subfield></datafield><datafield ind1="0" ind2=" " tag="130"><subfield code="a">High Point enterprise (High Point, N.C. : Weekly)</subfield></datafield><datafield ind1=" " ind2="5" tag="222"><subfield code="a">High Point enterprise</subfield></datafield><datafield ind1="1" ind2="4" tag="245"><subfield code="a">The High Point enterprise.</subfield></datafield><datafield ind1="1" ind2="3" tag="246"><subfield code="a">Semi-weekly High Point enterprise</subfield></datafield><datafield ind1=" " ind2=" " tag="260"><subfield code="a">High Point, N.C. :</subfield><subfield code="b">Steele &amp; Crutchfield</subfield></datafield><datafield ind1=" " ind2=" " tag="310"><subfield code="a">Weekly,</subfield><subfield code="b">Sept. 14, 1904-&lt;Dec. 9, 1908&gt;</subfield></datafield><datafield ind1=" " ind2=" " tag="321"><subfield code="a">Weekly,</subfield><subfield code="b">&lt;July 16, 1886&gt;-May 25, 1904</subfield></datafield><datafield ind1=" " ind2=" " tag="321"><subfield code="a">Semiweekly,</subfield><subfield code="b">May 31, 1904-Sept. 9, 1904</subfield></datafield><datafield ind1=" " ind2=" " tag="500"><subfield code="a">Published as: Semi-weekly High Point enterprise, May 31, 1904-Sept. 9, 1904.</subfield></datafield><datafield ind1=" " ind2=" " tag="580"><subfield code="a">Daily eds.: Daily enterprise (High Point, N.C.), &lt;1906&gt;-1908, and: High Point enterprise (High Point, N.C. : Daily), &lt;1912-1915&gt;.</subfield></datafield><datafield ind1=" " ind2=" " tag="588"><subfield code="a">Description based on: Vol. 10, no. 12 (July 16, 1886).</subfield></datafield><datafield ind1=" " ind2=" " tag="752"><subfield code="a">United States</subfield><subfield code="b">North Carolina</subfield><subfield code="c">Guilford</subfield><subfield code="d">High Point.</subfield></datafield><datafield ind1="1" ind2=" " tag="775"><subfield code="t">Daily enterprise (High Point, N.C.)</subfield><subfield code="w">(DLC)sn 92073211</subfield></datafield><datafield ind1="1" ind2=" " tag="775"><subfield code="t">High Point enterprise (High Point, N.C. : Daily)</subfield><subfield code="w">(DLC)sn 92073212</subfield></datafield></record>